@article{takahashi2013translation,
  title={Translation enhancer improves the ribosome liberation from translation initiation},
  author={Takahashi, Shuntaro and Furusawa, Hiroyuki and Ueda, Takuya and Okahata, Yoshio},
  journal={Journal of the American Chemical Society},
  volume={135},
  number={35},
  pages={13096--13106},
  year={2013},
  publisher={ACS Publications}
}